@inproceedings{universal,
	title={Universal Adversarial Perturbations},
	author={Moosavi-Dezfooli, Seyed-Mohsen and Fawzi, Alhussein and Fawzi, Omar and Frossard, Pascal},
	booktitle={Proceedings of the {IEEE} conference on computer vision and pattern recognition},
	pages={1765--1773},
	year={2017}
}

@article{em,
	title={Matrix Capsules with EM Routing},
	author={Hinton, Geoffrey E and Sabour, Sara and Frosst, Nicholas},
	journal={International Conference on Learning Representations},
	year={2018}
}
@article{batchnorm,
	title={Batch Normalization: Accelerating Deep Network Training by Reducing Internal Covariate Shift},
	author={Ioffe, Sergey and Szegedy, Christian},
	journal={arXiv preprint arXiv:1502.03167},
	year={2015}
}

@article{complex,
	title={Capsule Network Performance on Complex Data},
	author={Xi, Edgar and Bing, Selina and Jin, Yang},
	journal={arXiv preprint arXiv:1712.03480},
	year={2017}
}

@article{dcnet,
	author    = {Sai Samarth R. Phaye and
	Apoorva Sikka and
	Abhinav Dhall and
	Deepti R. Bathula},
	title     = {Dense and Diverse Capsule Networks: Making the Capsules Learn Better},
	journal   = {CoRR},
	volume    = {abs/1805.04001},
	year      = {2018},
	url       = {http://arxiv.org/abs/1805.04001},
	archivePrefix = {arXiv},
	eprint    = {1805.04001},
	timestamp = {Mon, 13 Aug 2018 16:47:32 +0200},
	biburl    = {https://dblp.org/rec/bib/journals/corr/abs-1805-04001},
	bibsource = {dblp computer science bibliography, https://dblp.org}
}

@article{dropout,
	title={Dropout: a Simple Way to Prevent Neural Networks from Overfitting},
	author={Srivastava, Nitish and Hinton, Geoffrey and Krizhevsky, Alex and Sutskever, Ilya and Salakhutdinov, Ruslan},
	journal={The {J}ournal of {M}achine {L}earning {R}esearch},
	volume={15},
	number={1},
	pages={1929--1958},
	year={2014},
	publisher={JMLR. org}
}

@article{tsne,
	title={Visualizing Data using t-SNE},
	author={Maaten, Laurens van der and Hinton, Geoffrey},
	journal={Journal of {M}achine {L}earning {R}esearch},
	volume={9},
	number={Nov},
	pages={2579--2605},
	year={2008}
}


@incollection{capsules,
	title = {Dynamic Routing Between Capsules},
	author = {Sabour, Sara and Frosst, Nicholas and Hinton, Geoffrey E},
	booktitle = {Advances in Neural Information Processing Systems 30},
	editor = {I. Guyon and U. V. Luxburg and S. Bengio and H. Wallach and R. Fergus and S. Vishwanathan and R. Garnett},
	pages = {3856--3866},
	year = {2017},
	publisher = {Curran Associates, Inc.},
	url = {http://papers.nips.cc/paper/6975-dynamic-routing-between-capsules.pdf}
}

@article{fgsm,
	title={Explaining and Harnessing Adversarial Examples},
	author={Goodfellow, Ian J and Shlens, Jonathon and Szegedy, Christian},
	journal={arXiv preprint arXiv:1412.6572},
	year={2014}
}

@inproceedings{carlini,
	title={Towards Evaluating the Robustness of Neural Networks},
	author={Carlini, Nicholas and Wagner, David},
	booktitle={2017 IEEE Symposium on Security and Privacy (SP)},
	pages={39--57},
	year={2017},
	organization={IEEE}
}

@inproceedings{deepfool,
	title={Deepfool: A Simple and Accurate Method to Fool Deep Neural {N}etworks},
	author={Moosavi-Dezfooli, Seyed-Mohsen and Fawzi, Alhussein and Frossard, Pascal},
	booktitle={Proceedings of the IEEE conference on computer vision and pattern recognition},
	pages={2574--2582},
	year={2016}
}

@article{boundary,
	title={Decision-based Adversarial Attacks: Reliable Attacks against Black-box Machine Learning Models},
	author={Brendel, Wieland and Rauber, Jonas and Bethge, Matthias},
	journal={arXiv preprint arXiv:1712.04248},
	year={2017}
}

@techreport{cifar,
	title={Learning Multiple Layers of Features from Tiny Images},
	author={Krizhevsky, Alex and Hinton, Geoffrey},
	year={2009},
	institution={Citeseer}
}

@article{fashion,
	author    = {Han Xiao and
	Kashif Rasul and
	Roland Vollgraf},
	title     = {Fashion-{MNIST}: A Novel Image Dataset for Benchmarking Machine Learning Algorithms},
	journal   = {CoRR},
	volume    = {abs/1708.07747},
	year      = {2017},
	url       = {http://arxiv.org/abs/1708.07747},
	archivePrefix = {arXiv},
	eprint    = {1708.07747},
	timestamp = {Tue, 05 Sep 2017 10:03:46 +0200},
	biburl    = {https://dblp.org/rec/bib/journals/corr/abs-1708-07747},
	bibsource = {dblp computer science bibliography, https://dblp.org}
}

@article{svhn,
	title={{R}eading Digits in Natural Images with Unsupervised Feature {L}earning},
	author={Netzer, Yuval and Wang, Tao and Coates, Adam and Bissacco, Alessandro and Wu, Bo and Ng, Andrew Y},
	journal={NIPS Workshop on Deep Learning	and Unsupervised Feature Learning},
	year={2011}
}

@article{mnist,
	title={{G}radient-based Learning Applied to Document Recognition},
	author={LeCun, Yann and Bottou, L{\'e}on and Bengio, Yoshua and Haffner, Patrick and others},
	journal={Proceedings of the IEEE},
	volume={86},
	number={11},
	pages={2278--2324},
	year={1998},
	publisher={Taipei, Taiwan}
}

@article{adam,
	title={{A}dam: A Method for Stochastic Optimization},
	author={Kingma, Diederik P and Ba, Jimmy},
	journal={arXiv preprint arXiv:1412.6980},
	year={2014}
}

@article{capsattacktraffic,
	author    = {Alberto Marchisio and
	Giorgio Nanfa and
	Faiq Khalid and
	Muhammad Abdullah Hanif and
	Maurizio Martina and
	Muhammad Shafique},
	title     = {{C}aps{A}ttacks: Robust and Imperceptible Adversarial Attacks on Capsule Networks},
	journal   = {CoRR},
	volume    = {abs/1901.09878},
	year      = {2019},
	url       = {http://arxiv.org/abs/1901.09878},
	archivePrefix = {arXiv},
	eprint    = {1901.09878},
	timestamp = {Sat, 02 Feb 2019 16:56:00 +0100},
	biburl    = {https://dblp.org/rec/bib/journals/corr/abs-1901-09878},
	bibsource = {dblp computer science bibliography, https://dblp.org}
}

@article{darccc,
	title={{DARCCC}: Detecting Adversaries by Reconstruction from Class Conditional Capsules},
	author={Frosst, Nicholas and Sabour, Sara and Hinton, Geoffrey},
	journal={arXiv preprint arXiv:1811.06969},
	year={2018}
}

@article{training,
  author    = {David Peer and
               Sebastian Stabinger and
               Antonio Jose Rodr{\'{\i}}guez{-}S{\'{a}}nchez},
  title     = {{T}raining Deep Capsule Networks},
  journal   = {CoRR},
  volume    = {abs/1812.09707},
  year      = {2018},
  url       = {http://arxiv.org/abs/1812.09707},
  archivePrefix = {arXiv},
  eprint    = {1812.09707},
  timestamp = {Wed, 02 Jan 2019 14:40:18 +0100},
  biburl    = {https://dblp.org/rec/bib/journals/corr/abs-1812-09707},
  bibsource = {dblp computer science bibliography, https://dblp.org}
}

@article{lpnorms,
	author    = {Mahmood Sharif and
	Lujo Bauer and
	Michael K. Reiter},
	title     = {On the Suitability of L\({}_{\mbox{p}}\)-norms for Creating and Preventing
	Adversarial Examples},
	journal   = {CoRR},
	volume    = {abs/1802.09653},
	year      = {2018},
	url       = {http://arxiv.org/abs/1802.09653},
	archivePrefix = {arXiv},
	eprint    = {1802.09653},
	timestamp = {Mon, 13 Aug 2018 16:48:13 +0200},
	biburl    = {https://dblp.org/rec/bib/journals/corr/abs-1802-09653},
	bibsource = {dblp computer science bibliography, https://dblp.org}
}

@inproceedings{imagenet,
	AUTHOR = {Deng, J. and Dong, W. and Socher, R. and Li, L.-J. and Li, K. and Fei-Fei, L.},
	TITLE = {{ImageNet: A Large-Scale Hierarchical Image Database}},
	BOOKTITLE = {CVPR09},
	YEAR = {2009},
	BIBSOURCE = "http://www.image-net.org/papers/imagenet_cvpr09.bib"
}

@inproceedings{denselyconnected,
	title={Densely connected convolutional networks},
	author={Huang, Gao and Liu, Zhuang and Van Der Maaten, Laurens and Weinberger, Kilian Q},
	booktitle={Proceedings of the IEEE conference on computer vision and pattern recognition},
	pages={4700--4708},
	year={2017}
}

@misc{transfer,
	title={Transferability in Machine Learning: from Phenomena to Black-Box Attacks using Adversarial Samples},
	author={Nicolas Papernot and Patrick McDaniel and Ian Goodfellow},
	year={2016},
	eprint={1605.07277},
	archivePrefix={arXiv},
	primaryClass={cs.CR}
}

@inproceedings{transformingauto,
	title={Transforming auto-encoders},
	author={Hinton, Geoffrey E and Krizhevsky, Alex and Wang, Sida D},
	booktitle={International Conference on Artificial Neural Networks},
	pages={44--51},
	year={2011},
	organization={Springer}
}

@inproceedings{parse,
	title={Learning to parse images},
	author={Hinton, Geoffrey E and Ghahramani, Zoubin and Teh, Yee Whye},
	booktitle={Advances in neural information processing systems},
	pages={463--469},
	year={2000}
}

@misc{scaledagreement,
	title={Increasing the adversarial robustness of capsule networks through scaled distance agreements},
	author={David Peer and Sebastian Stabinger and Antonio Rodriguez-Sanchez},
	year={2018},
	eprint={1812.09707},
	archivePrefix={arXiv},
	primaryClass={cs.LG}
}

@misc{mine,
	title={On the Vulnerability of Capsule Networks to Adversarial Attacks},
	author={Felix Michels and Tobias Uelwer and Eric Upschulte and Stefan Harmeling},
	year={2019},
	eprint={1906.03612},
	archivePrefix={arXiv},
	primaryClass={cs.LG}
}

@misc{cognitive,
	title={Cognitive Consistency Routing Algorithm of Capsule-network},
	author={Huayu Li},
	year={2018},
	eprint={1808.09062},
	archivePrefix={arXiv},
	primaryClass={cs.AI}
}

@misc{umbrella,
	title={Adversarial attacks hidden in plain sight},
	author={Jan Philip GÃ¶pfert and Heiko Wersing and Barbara Hammer},
	year={2019},
	eprint={1902.09286},
	archivePrefix={arXiv},
	primaryClass={cs.LG}
}

@article{intriguing,
	title={Intriguing properties of neural networks},
	author={Szegedy, Christian and Zaremba, Wojciech and Sutskever, Ilya and Bruna, Joan and Erhan, Dumitru and Goodfellow, Ian and Fergus, Rob},
	journal={arXiv preprint arXiv:1312.6199},
	year={2013}
}

@misc{bim,
	title={Adversarial examples in the physical world},
	author={Alexey Kurakin and Ian Goodfellow and Samy Bengio},
	year={2016},
	eprint={1607.02533},
	archivePrefix={arXiv},
	primaryClass={cs.CV}
}

@misc{robustphysical,
	title={Robust Physical-World Attacks on Deep Learning Models},
	author={Kevin Eykholt and Ivan Evtimov and Earlence Fernandes and Bo Li and Amir Rahmati and Chaowei Xiao and Atul Prakash and Tadayoshi Kohno and Dawn Song},
	year={2017},
	eprint={1707.08945},
	archivePrefix={arXiv},
	primaryClass={cs.CR}
}

@article{trustregion,
	title={Newtonâs method with a model trust region modification},
	author={Sorensen, Danny C},
	journal={SIAM Journal on Numerical Analysis},
	volume={19},
	number={2},
	pages={409--426},
	year={1982},
	publisher={SIAM}
}
