@inproceedings{universal,
	title={Universal {A}dversarial {P}erturbations},
	author={Moosavi-Dezfooli, Seyed-Mohsen and Fawzi, Alhussein and Fawzi, Omar and Frossard, Pascal},
	booktitle={Proceedings of the {IEEE} conference on computer vision and pattern recognition},
	pages={1765--1773},
	year={2017}
}

@article{em,
	title={Matrix capsules with EM routing},
	author={Hinton, Geoffrey E and Sabour, Sara and Frosst, Nicholas},
	year={2018}
}
@article{batchnorm,
	title={Batch {N}ormalization: {A}ccelerating {D}eep {N}etwork {T}raining by {R}educing {I}nternal {C}ovariate {S}hift},
	author={Ioffe, Sergey and Szegedy, Christian},
	journal={arXiv preprint arXiv:1502.03167},
	year={2015}
}

@article{complex,
	title={Capsule {N}etwork {P}erformance on {C}omplex {D}ata},
	author={Xi, Edgar and Bing, Selina and Jin, Yang},
	journal={arXiv preprint arXiv:1712.03480},
	year={2017}
}

@article{denseanddiverse,
	author    = {Sai Samarth R. Phaye and
	Apoorva Sikka and
	Abhinav Dhall and
	Deepti R. Bathula},
	title     = {Dense and {D}iverse {C}apsule {N}etworks: {M}aking the {C}apsules {L}earn {B}etter},
	journal   = {CoRR},
	volume    = {abs/1805.04001},
	year      = {2018},
	url       = {http://arxiv.org/abs/1805.04001},
	archivePrefix = {arXiv},
	eprint    = {1805.04001},
	timestamp = {Mon, 13 Aug 2018 16:47:32 +0200},
	biburl    = {https://dblp.org/rec/bib/journals/corr/abs-1805-04001},
	bibsource = {dblp computer science bibliography, https://dblp.org}
}

@article{dropout,
	title={Dropout: a {S}imple {W}ay to {P}revent {N}eural {N}etworks from {O}verfitting},
	author={Srivastava, Nitish and Hinton, Geoffrey and Krizhevsky, Alex and Sutskever, Ilya and Salakhutdinov, Ruslan},
	journal={The {J}ournal of {M}achine {L}earning {R}esearch},
	volume={15},
	number={1},
	pages={1929--1958},
	year={2014},
	publisher={JMLR. org}
}

@article{tsne,
	title={Visualizing {D}ata using t-{SNE}},
	author={Maaten, Laurens van der and Hinton, Geoffrey},
	journal={Journal of {M}achine {L}earning {R}esearch},
	volume={9},
	number={Nov},
	pages={2579--2605},
	year={2008}
}


@incollection{capsules,
	title = {Dynamic {R}outing {B}etween {C}apsules},
	author = {Sabour, Sara and Frosst, Nicholas and Hinton, Geoffrey E},
	booktitle = {Advances in Neural Information Processing Systems 30},
	editor = {I. Guyon and U. V. Luxburg and S. Bengio and H. Wallach and R. Fergus and S. Vishwanathan and R. Garnett},
	pages = {3856--3866},
	year = {2017},
	publisher = {Curran Associates, Inc.},
	url = {http://papers.nips.cc/paper/6975-dynamic-routing-between-capsules.pdf}
}

@article{fgsm,
	title={Explaining and {H}arnessing {A}dversarial {E}xamples},
	author={Goodfellow, Ian J and Shlens, Jonathon and Szegedy, Christian},
	journal={arXiv preprint arXiv:1412.6572},
	year={2014}
}

@inproceedings{carlini,
	title={Towards {E}valuating the {R}obustness of {N}eural {N}etworks},
	author={Carlini, Nicholas and Wagner, David},
	booktitle={2017 IEEE Symposium on Security and Privacy (SP)},
	pages={39--57},
	year={2017},
	organization={IEEE}
}

@inproceedings{deepfool,
	title={Deepfool: {A} {S}imple and {A}ccurate {M}ethod to {F}ool {D}eep {N}eural {N}etworks},
	author={Moosavi-Dezfooli, Seyed-Mohsen and Fawzi, Alhussein and Frossard, Pascal},
	booktitle={Proceedings of the IEEE conference on computer vision and pattern recognition},
	pages={2574--2582},
	year={2016}
}

@article{boundary,
	title={Decision-based {A}dversarial {A}ttacks: {R}eliable {A}ttacks against {B}lack-box {M}achine {L}earning {M}odels},
	author={Brendel, Wieland and Rauber, Jonas and Bethge, Matthias},
	journal={arXiv preprint arXiv:1712.04248},
	year={2017}
}

@techreport{cifar,
	title={Learning {M}ultiple {L}ayers of {F}eatures from {T}iny {I}mages},
	author={Krizhevsky, Alex and Hinton, Geoffrey},
	year={2009},
	institution={Citeseer}
}

@article{fashion,
	author    = {Han Xiao and
	Kashif Rasul and
	Roland Vollgraf},
	title     = {Fashion-{MNIST}: {A} {N}ovel {I}mage {D}ataset for {B}enchmarking {M}achine {L}earning {A}lgorithms},
	journal   = {CoRR},
	volume    = {abs/1708.07747},
	year      = {2017},
	url       = {http://arxiv.org/abs/1708.07747},
	archivePrefix = {arXiv},
	eprint    = {1708.07747},
	timestamp = {Tue, 05 Sep 2017 10:03:46 +0200},
	biburl    = {https://dblp.org/rec/bib/journals/corr/abs-1708-07747},
	bibsource = {dblp computer science bibliography, https://dblp.org}
}

@article{svhn,
	title={{R}eading {D}igits in {N}atural {I}mages with {U}nsupervised {F}eature {L}earning},
	author={Netzer, Yuval and Wang, Tao and Coates, Adam and Bissacco, Alessandro and Wu, Bo and Ng, Andrew Y},
	year={2011}
}

@article{mnist,
	title={{G}radient-based {L}earning {A}pplied to {D}ocument {R}ecognition},
	author={LeCun, Yann and Bottou, L{\'e}on and Bengio, Yoshua and Haffner, Patrick and others},
	journal={Proceedings of the IEEE},
	volume={86},
	number={11},
	pages={2278--2324},
	year={1998},
	publisher={Taipei, Taiwan}
}

@article{adam,
	title={{A}dam: {A} {M}ethod for {S}tochastic {O}ptimization},
	author={Kingma, Diederik P and Ba, Jimmy},
	journal={arXiv preprint arXiv:1412.6980},
	year={2014}
}

@article{marchisio,
	author    = {Alberto Marchisio and
	Giorgio Nanfa and
	Faiq Khalid and
	Muhammad Abdullah Hanif and
	Maurizio Martina and
	Muhammad Shafique},
	title     = {{C}aps{A}ttacks: {R}obust and {I}mperceptible {A}dversarial {A}ttacks on {C}apsule
	{N}etworks},
	journal   = {CoRR},
	volume    = {abs/1901.09878},
	year      = {2019},
	url       = {http://arxiv.org/abs/1901.09878},
	archivePrefix = {arXiv},
	eprint    = {1901.09878},
	timestamp = {Sat, 02 Feb 2019 16:56:00 +0100},
	biburl    = {https://dblp.org/rec/bib/journals/corr/abs-1901-09878},
	bibsource = {dblp computer science bibliography, https://dblp.org}
}

@article{darccc,
	title={{DARCCC}: {D}etecting {A}dversaries by {R}econstruction from {C}lass {C}onditional {C}apsules},
	author={Frosst, Nicholas and Sabour, Sara and Hinton, Geoffrey},
	journal={arXiv preprint arXiv:1811.06969},
	year={2018}
}

@article{training,
  author    = {David Peer and
               Sebastian Stabinger and
               Antonio Jose Rodr{\'{\i}}guez{-}S{\'{a}}nchez},
  title     = {{T}raining {D}eep {C}apsule {N}etworks},
  journal   = {CoRR},
  volume    = {abs/1812.09707},
  year      = {2018},
  url       = {http://arxiv.org/abs/1812.09707},
  archivePrefix = {arXiv},
  eprint    = {1812.09707},
  timestamp = {Wed, 02 Jan 2019 14:40:18 +0100},
  biburl    = {https://dblp.org/rec/bib/journals/corr/abs-1812-09707},
  bibsource = {dblp computer science bibliography, https://dblp.org}
}
