@inproceedings{universal,
	title={Universal adversarial perturbations},
	author={Moosavi-Dezfooli, Seyed-Mohsen and Fawzi, Alhussein and Fawzi, Omar and Frossard, Pascal},
	booktitle={Proceedings of the IEEE conference on computer vision and pattern recognition},
	pages={1765--1773},
	year={2017}
}


@incollection{capsules,
	title = {Dynamic Routing Between Capsules},
	author = {Sabour, Sara and Frosst, Nicholas and Hinton, Geoffrey E},
	booktitle = {Advances in Neural Information Processing Systems 30},
	editor = {I. Guyon and U. V. Luxburg and S. Bengio and H. Wallach and R. Fergus and S. Vishwanathan and R. Garnett},
	pages = {3856--3866},
	year = {2017},
	publisher = {Curran Associates, Inc.},
	url = {http://papers.nips.cc/paper/6975-dynamic-routing-between-capsules.pdf}
}

@inproceedings{carlini,
	title={Towards evaluating the robustness of neural networks},
	author={Carlini, Nicholas and Wagner, David},
	booktitle={2017 IEEE Symposium on Security and Privacy (SP)},
	pages={39--57},
	year={2017},
	organization={IEEE}
}

@inproceedings{deepfool,
	title={Deepfool: a simple and accurate method to fool deep neural networks},
	author={Moosavi-Dezfooli, Seyed-Mohsen and Fawzi, Alhussein and Frossard, Pascal},
	booktitle={Proceedings of the IEEE conference on computer vision and pattern recognition},
	pages={2574--2582},
	year={2016}
}

@article{boundary,
	title={Decision-based adversarial attacks: Reliable attacks against black-box machine learning models},
	author={Brendel, Wieland and Rauber, Jonas and Bethge, Matthias},
	journal={arXiv preprint arXiv:1712.04248},
	year={2017}
}

@techreport{cifar,
	title={Learning multiple layers of features from tiny images},
	author={Krizhevsky, Alex and Hinton, Geoffrey},
	year={2009},
	institution={Citeseer}
}

@article{fashion,
	author    = {Han Xiao and
	Kashif Rasul and
	Roland Vollgraf},
	title     = {Fashion-{MNIST}: A novel image dataset for benchmarking machine learning
	Algorithms},
	journal   = {CoRR},
	volume    = {abs/1708.07747},
	year      = {2017},
	url       = {http://arxiv.org/abs/1708.07747},
	archivePrefix = {arXiv},
	eprint    = {1708.07747},
	timestamp = {Tue, 05 Sep 2017 10:03:46 +0200},
	biburl    = {https://dblp.org/rec/bib/journals/corr/abs-1708-07747},
	bibsource = {dblp computer science bibliography, https://dblp.org}
}

@article{svhn,
	title={Reading digits in natural images with unsupervised feature learning},
	author={Netzer, Yuval and Wang, Tao and Coates, Adam and Bissacco, Alessandro and Wu, Bo and Ng, Andrew Y},
	year={2011}
}

@article{mnist,
	title={Gradient-based learning applied to document recognition},
	author={LeCun, Yann and Bottou, L{\'e}on and Bengio, Yoshua and Haffner, Patrick and others},
	journal={Proceedings of the IEEE},
	volume={86},
	number={11},
	pages={2278--2324},
	year={1998},
	publisher={Taipei, Taiwan}
}
